<?xml version="1.0" encoding="UTF-8"?>
<record xmlns="http://www.loc.gov/MARC21/slim" xmlns:xsi="http://www.w3.org/2001/XMLSchema-instance" xsi:schemaLocation="http://www.loc.gov/MARC21/slim http://www.loc.gov/standards/marcxml/schema/MARC21slim.xsd">
<leader>     nam a2200277 a 4500</leader>
<controlfield tag="001">001721013</controlfield>
<controlfield tag="003">NNU</controlfield>
<controlfield tag="005">20061010171012.0</controlfield>
<controlfield tag="008">010416s1911    ua            000 0 ara d</controlfield>
<datafield tag="035" ind1="9" ind2=" ">
<subfield code="a">NYUb12276630</subfield>
</datafield>
<datafield tag="035" ind1=" " ind2=" ">
<subfield code="a">(CStRLIN)NYUG01-B1741</subfield>
</datafield>
<datafield tag="040" ind1=" " ind2=" ">
<subfield code="a">PUL</subfield>
<subfield code="c">PUL</subfield>
<subfield code="d">ZCU</subfield>
<subfield code="d">NNU</subfield>
</datafield>
<datafield tag="050" ind1=" " ind2="4">
<subfield code="a">PJ7745.K8</subfield>
<subfield code="b">K47 1911</subfield>
</datafield>
<datafield tag="066" ind1=" " ind2=" ">
<subfield code="c">(3</subfield>
</datafield>
<datafield tag="090" ind1=" " ind2=" ">
<subfield code="a">PJ7745.K8</subfield>
<subfield code="b">K47 1911</subfield>
</datafield>
<datafield tag="100" ind1="1" ind2=" ">
<subfield code="6">880-01</subfield>
<subfield code="a">Kushājim, Abu al-Fatḥ Maḥmūd ibn al-Ḥusayn,</subfield>
<subfield code="d">d. 962.</subfield>
</datafield>
<datafield tag="240" ind1="1" ind2="0">
<subfield code="6">880-02</subfield>
<subfield code="a">Adab wa-nudamāʼ wa-laṭāʼif al-ẓurafāʼ</subfield>
</datafield>
<datafield tag="245" ind1="1" ind2="0">
<subfield code="6">880-03</subfield>
<subfield code="a">Kitāb Adab al-nudamāʼ wa-laṭāʼif al-ẓurafāʼ :</subfield>
<subfield code="b">wa-yalīhi sharḥ wa-tashṭīr qaṣīdat Abī Firās al-Ḥamdānī /</subfield>
<subfield code="c">taʼlīf Abī al-Fatḥ Maḥmūd ibn Kushājim.</subfield>
</datafield>
<datafield tag="260" ind1=" " ind2=" ">
<subfield code="6">880-04</subfield>
<subfield code="a">al-Iskandarīyah :</subfield>
<subfield code="b">Maṭbaʻat Jurjī Gharzūzī,</subfield>
<subfield code="c">1329 [1911]</subfield>
</datafield>
<datafield tag="300" ind1=" " ind2=" ">
<subfield code="a">110 p. ;</subfield>
<subfield code="c">20 cm.</subfield>
</datafield>
<datafield tag="700" ind1="1" ind2=" ">
<subfield code="a">Abū Firās al-Ḥamdānī, al-Ḥārith ibn Saʻīd,</subfield>
<subfield code="d">932-968</subfield>
<subfield code="6">880-05</subfield>
</datafield>
<datafield tag="880" ind1="1" ind2=" ">
<subfield code="6">100-01/</subfield>
<subfield code="a">كشاجم، محمود بت الحسين.</subfield>
</datafield>
<datafield tag="880" ind1="1" ind2="0">
<subfield code="6">240-02/</subfield>
<subfield code="a">ادب الندماء ولطائف الظرفاء</subfield>
</datafield>
<datafield tag="880" ind1="1" ind2="0">
<subfield code="6">245-03/</subfield>
<subfield code="a">كتاب ادب الندماء ولطاجف الظرفاء :</subfield>
<subfield code="b">ويليه شرح وتشطير قصيدة ابي فراس الحمداني /</subfield>
<subfield code="c">تأليف ابي الفتح محمود بن كشاجم.</subfield>
</datafield>
<datafield tag="880" ind1=" " ind2=" ">
<subfield code="6">260-04/</subfield>
<subfield code="a">الاسكندرية :</subfield>
<subfield code="b">مطبعة جرجي غرزوزي،</subfield>
<subfield code="c">١٣٢٩.</subfield>
</datafield>
<datafield tag="880" ind1="1" ind2=" ">
<subfield code="6">700-05/</subfield>
<subfield code="a">أبو فراسالحمداني، الحارث بن سعيد.</subfield>
</datafield>
<datafield tag="OWN" ind1=" " ind2=" ">
<subfield code="a">GENERAL</subfield>
</datafield>
<datafield tag="998" ind1=" " ind2=" ">
<subfield code="a">20010416</subfield>
<subfield code="d">20010416</subfield>
<subfield code="d">20010416</subfield>
<subfield code="n">NNU</subfield>
<subfield code="s">1</subfield>
<subfield code="t">c</subfield>
<subfield code="z">p</subfield>
</datafield>
<datafield tag="AVA" ind1=" " ind2=" ">
<subfield code="a">NYU50</subfield>
<subfield code="b">BOBST</subfield>
<subfield code="c">Main Collection</subfield>
<subfield code="d">PJ7745.K8 K47 1911</subfield>
<subfield code="e">unavailable</subfield>
<subfield code="t">Unavailable</subfield>
<subfield code="f">1</subfield>
<subfield code="g">1</subfield>
<subfield code="h">N</subfield>
<subfield code="i">0</subfield>
<subfield code="j">MAIN</subfield>
<subfield code="k">0</subfield>
</datafield>
</record>
